@article{cite:8,
  author = {R. Liouville and G. Bernoulli},
  title = {{On the Positivity of Conditionally Closed, Right-Simply Contravariant Scalars}},
  journal = {{J}ournal of Numerical Geometry},
  month = {aug},
  year = {1993},
  volume = {6},
  pages = {152--191},
}


@article{cite:2,
  author = {Q. Smith},
  title = {{${\ell}$-Multiply Contra-One-to-One Paths over Semi-Almost Everywhere Negative Isomorphisms}},
  journal = {{J}ournal of Homological Model Theory},
  month = {sep},
  year = {2003},
  volume = {7},
  pages = {1408--1423},
}


@article{cite:0,
  author = {Q. Tate and L. Garcia and G. Banach},
  title = {{Regularity Methods in Fuzzy Number Theory}},
  journal = {{A}rchives of the {M}oldovan {M}athematical {S}ociety},
  month = {aug},
  year = {1995},
  volume = {0},
  pages = {78--93},
}


@article{ck_Holtzheimer_Hu_Mayberg_2009,
  title = {{Disease state prediction from resting state functional connectivity}},
  volume = {62},
  url = {http://dx.doi.org/10.1002/mrm.22159},
  doi = {10.1002/mrm.22159},
  number = {6},
  journal = {Magnetic Resonance in Medicine},
  publisher = {Wiley Blackwell (John Wiley &amp; Sons)},
  author = {Craddock, R. Cameron and Holtzheimer, Paul E. and Hu, Xiaoping P. and Mayberg, Helen S.},
  year = {2009},
  month = {Dec},
  pages = {1619-1628},
}
